@techreport{rfc5246,
    title        = {The Transport Layer Security (TLS) Protocol Version 1.2},
    author       = {T. Dierks and E. Rescorla},
    year         = 2008,
    month        = aug,
    institution  = {Internet Requests for Comments},
    type         = {rtf}
}
@book{div_burnikel_ziegler,
    title        = {Fast recursive division},
    author       = {Burnikel, Christoph and Ziegler, Joachim},
    year         = 1998,
    publisher    = {Max-Planck-Inst. fur Informatik, Bibliothek \& Dokumentation},
    place        = {Saarbrücken}
}
@article{parallel_karatsuba_analysis,
    title        = {Performance Analysis of the Parallel Karatsuba Multiplication Algorithm for Distributed Memory Architectures},
    author       = {Cesari, Giovanni and Maeder, Roman},
    year         = 1996,
    journal      = {J. Symbolic Computation},
    number       = 21,
    pages        = {467–473}
}
@misc{key_suggestion,
    title        = {The Definitive 2019 Guide to Cryptographic Key Sizes and Algorithm Recommendations},
    year         = 2019,
    month        = mar,
    journal      = {Paragon Initiative Enterprises Blog},
    url          = {https://paragonie.com/blog/2019/03/definitive-2019-guide-cryptographic-key-sizes-and-algorithm-recommendations}
}
@misc{power4,
    title        = {Power 4: The First Multi-Core, 1GHz Processor},
    url          = {https://www.ibm.com/ibm/history/ibm100/us/en/icons/power4/},
    note         = {[Online; diakses pada 12 Oktober 2019]}
}
@misc{intro_parallel_llnl,
    title        = {Introduction to Parallel Computing},
    author       = {Blaise Barney},
    url          = {https://computing.llnl.gov/tutorials/parallel_comp/},
    note         = {[Online; diakses pada 15 Oktober 2019]}
}
@misc{glossary_ufl,
    title        = {Glossary: Parallel Computing},
    url          = {https://www.cise.ufl.edu/research/ParallelPatterns/glossary.htm},
    note         = {[Online; diakses pada 15 Oktober 2019]}
}
@misc{glossary_udel,
    title        = {Glossary of Parallel Computing Terms},
    author       = {Scyld ClusterWare HPC},
    url          = {https://gcl.cis.udel.edu/penguin/scyld-doc/users-guide/terminology.html},
    note         = {[Online; diakses pada 15 Oktober 2019]}
}
@misc{server_os_marketshare,
    title        = {Ubuntu Marketshare and Competitor Report},
    url          = {https://www.datanyze.com/market-share/operating-systems/ubuntu-market-share},
    note         = {[Online; diakses pada 6 Oktober 2019]}
}
@techreport{rfc3602,
    title        = {The AES-CBC Cipher Algorithm and Its Use with IPsec},
    author       = {S. Frankel, R. Glenn, NIST, and S.Kelly},
    year         = 2003,
    month        = sep,
    institution  = {Internet Requests for Comments},
    type         = {rtf}
}
@book{comp_org_arch,
    title        = {Computer organization and architecture: designing for performance},
    author       = {Stallings, William and Zeno, Peter},
    year         = 2016,
    publisher    = {Pearson Education},
    place        = {Hoboken, NJ}
}
@book{comp_arch_patterson,
    title        = {Computer architecture: a quantitative approach},
    author       = {Hennessy, John L. and Patterson, David A.},
    year         = 2019,
    publisher    = {Morgan Kaufmann Publishers, an imprint of Elsevier},
    place        = {Cambridge, MA}
}
@book{highly_parallel_computing,
    title        = {Highly Parallel Computing (2Nd Ed.)},
    author       = {Almasi, George S. and Gottlieb, Allan},
    year         = 1994,
    publisher    = {Benjamin-Cummings Publishing Co., Inc.},
    address      = {Redwood City, CA, USA},
    isbn         = {0-8053-0443-6}
}
@book{structured_parallel_programming,
    title        = {Structured parallel programming: patterns for efficient computation},
    author       = {McCool, Michael and Robinson, Arch D. and Reinders, James},
    year         = 2012,
    publisher    = {Morgan Kaufmann},
    place        = {Amsterdam}
}
@book{applied_crypto,
    title        = {Handbook of applied cryptography},
    author       = {Menezes, A. Jand C., Van Oorschot Paul and Vanstone, Scott A.},
    year         = 2001,
    publisher    = {CRC Press},
    place        = {Boca Raton}
}
@book{bignum_math,
    title        = {BigNum Math: implementing cryptographic multiple precision arithmetic},
    author       = {Denis, Tom St. and Rose, Greg},
    year         = 2006,
    publisher    = {Syngress},
    place        = {Rockland, MA}
}
@book{intro_parallel,
    title        = {Introduction to Parallel Programming},
    author       = {Pacheco, Peter},
    year         = 2011,
    publisher    = {Morgan Kaufmann},
    place        = {Burlington, MA}
}
@book{bulletproof_tls,
    title        = {Bulletproof SSL and TLS},
    author       = {Ristic, Ivan},
    year         = 2014,
    publisher    = {Feisty Duck LTD},
    place        = {London}
}
@book{modern_comp_math,
    title        = {Modern Computer Arithmetic},
    author       = {Brent, Richard P. and Zimmermann, Paul},
    year         = 2011,
    publisher    = {Cambridge Univ. Press},
    place        = {Cambridge}
}
@book{cs_bible,
    title        = {The Art of Computer Programming},
    author       = {Knuth, Donald Ervin},
    year         = 1997,
    publisher    = {Addison-Wesley},
    volume       = 2,
    place        = {Reading, MA}
}
@article{bn_pi,
    title        = {Parallel Implementation of Multiple-Precision Arithmetic and 1,649,267,440,000 Decimal Digits of $\pi$ Calculation},
    author       = {Takahashi, Daisuke},
    year         = 2009
}
@inproceedings{parallel_short_div_emmart,
    title        = {Parallel Multiple Precision Division by a Single Precision Divisor},
    author       = {Emmart, Niall and Weems, Charles},
    year         = 2011,
    booktitle    = {Proceedings of the 2011 18th International Conference on High Performance Computing},
    publisher    = {IEEE Computer Society},
    address      = {Washington, DC, USA},
    series       = {HIPC '11},
    pages        = {1--9},
    doi          = {10.1109/HiPC.2011.6152712},
    isbn         = {978-1-4577-1951-6},
    url          = {https://doi.org/10.1109/HiPC.2011.6152712},
    numpages     = 9,
    acmid        = 2192615
}
@incollection{parallel_short_div_takahashi,
    title        = {Large-Scale Scientific Computing},
    author       = {Takahashi, Daisuke},
    year         = 2008,
    publisher    = {Springer-Verlag},
    address      = {Berlin, Heidelberg},
    pages        = {729--736},
    doi          = {10.1007/978-3-540-78827-0_84},
    isbn         = {978-3-540-78825-6},
    url          = {http://dx.doi.org/10.1007/978-3-540-78827-0_84},
    chapter      = {A Parallel Algorithm for Multiple-Precision Division by a Single-Precision Integer},
    editor       = {Lirkov, Ivan and Margenov, Svetozar and Wa\'{s}niewski, Jerzy},
    numpages     = 8,
    acmid        = 1532570
}
@article{rns_survey,
    title        = {Residue Number Systems: a Survey},
    author       = {Nannarelli, Alberto and Re, Marco},
    year         = 2008,
    month        = may,
    journal      = {D T U Compute. Technical Report}
}
@article{accl_ssl_gpu,
    title        = {Accelerating SSL with GPUs},
    author       = {Keon Jang and Sangjin Han and Seungyeop Han and Sue Moon and KyoungSoo Park},
    year         = 2010,
    journal      = {ACM SIGCOMM Computer Communication Review},
    volume       = 40,
    number       = 4,
    pages        = {437--438},
    doi          = {10.1145/1851275.1851250}
}
@article{perf_tls,
    title        = {Performance analysis of TLS Web servers},
    author       = {Coarfa, Cristian and Druschel, Peter and Wallach, Dan S.},
    year         = 2006,
    journal      = {ACM Transactions on Computer Systems},
    volume       = 24,
    number       = 1,
    pages        = {39--69},
    doi          = {10.1145/1124153.1124155}
}
@article{drucker_gueron_2019,
    title        = {Fast Modular Squaring with AVX512IFMA},
    author       = {Drucker, Nir and Gueron, Shay},
    year         = 2019,
    journal      = {16th International Conference on Information Technology-New Generations (ITNG 2019) Advances in Intelligent Systems and Computing},
    pages        = {3–8},
    doi          = {10.1007/978-3-030-14070-0_1}
}
@article{hutter_wenger_2018,
    title        = {Fast Multi-precision Multiplication for Public-Key Cryptography on Embedded Microprocessors},
    author       = {Hutter, Michael and Wenger, Erich},
    year         = 2018,
    journal      = {Journal of Cryptology},
    volume       = 31,
    number       = 4,
    pages        = {1164–1182},
    doi          = {10.1007/s00145-018-9298-8}
}
@phdthesis{gpu_bignum,
    title        = {A Study of High Performance Multiple Precision Arithmetic on Graphics Processing Units},
    author       = {Niall Emmart},
    year         = 2018,
    school       = {University of Massachusetts Amherst}
}
@article{rns_sharoun,
    title        = {RESIDUE NUMBER SYSTEM (RNS)},
    author       = {Sharoun , Assaid Othman},
    year         = 2013,
    journal      = {Poznan University of Technology Academic Journal},
    pages        = {265–267}
}
@article{gpu_vs_cpu,
    title        = {Comparison and Analysis of GPGPU and Parallel Computing on Multi-Core CPU},
    author       = {Zhang, Hong and Zhang, Da-fang and Bi, Xia-an},
    year         = 2012,
    journal      = {International Journal of Information and Education Technology},
    volume       = 2,
    number       = 2,
    pages        = {185--187},
    doi          = {10.7763/ijiet.2012.v2.106}
}
@article{sslshader,
    title        = {SSLShader: Cheap SSL Acceleration with Commodity Processors},
    author       = {Keon Jang and Sangjin Han and Seungyeop Han and Sue Moon and KyoungSoo Park},
    journal      = {NSDI'11 Proceedings of the 8th USENIX conference on Networked systems design and implementation},
    pages        = {1--14}
}
@article{cost_of_s,
    title        = {The Cost of the “S” in HTTPS},
    author       = {David Naylor and Alessandro Finamore and Ilias Leontiadis and Yan Grunenberger and Marco Mellia and Maurizio Munafò and Konstantina Papagiannaki and Peter Steenkiste},
    year         = 2014,
    journal      = {ACM International on Conference on emerging Networking Experiments and Technologies},
    pages        = {133--140},
    doi          = {10.1145/2674005.2674991}
}
@article{paralel_rsa_comp,
    title        = {Comparative Analysis of Sequential and Parallel Implementations of RSA},
    author       = {Sapna Saxena and Neha Kishore and Disha Handa and Bhanu Kapoor},
    year         = 2013,
    month        = aug,
    journal      = {International Journal of Scientific and Engineering Research},
    volume       = 4,
    number       = 8,
    pages        = {2100--2103}
}
