@report{rfc5246,
  author      = {T. Dierks and E. Rescorla},
  institution = {Internet Requests for Comments},
  month       = {aug},
  title       = {The Transport Layer Security (TLS) Protocol Version 1.2},
  type        = {rtf},
  year        = {2008},
}

@book{div_burnikel_ziegler,
  author    = {Burnikel, Christoph and Ziegler, Joachim},
  place     = {Saarbrücken},
  publisher = {Max-Planck-Inst. fur Informatik, Bibliothek \& Dokumentation},
  title     = {Fast recursive division},
  year      = {1998},
}

@article{parallel_karatsuba_analysis,
  author       = {Cesari, Giovanni and Maeder, Roman},
  journaltitle = {J. Symbolic Computation},
  number       = {21},
  pages        = {467–473},
  title        = {Performance Analysis of the Parallel Karatsuba Multiplication Algorithm for Distributed Memory Architectures},
  year         = {1996},
}

@misc{key_suggestion,
  journaltitle = {Paragon Initiative Enterprises Blog},
  month        = {Mar},
  title        = {The Definitive 2019 Guide to Cryptographic Key Sizes and Algorithm Recommendations},
  url          = {https://paragonie.com/blog/2019/03/definitive-2019-guide-cryptographic-key-sizes-and-algorithm-recommendations},
  year         = {2019},
}

@misc{power4,
  note  = {[Online; diakses pada 12 Oktober 2019]},
  title = {Power 4: The First Multi-Core, 1GHz Processor},
  url   = {https://www.ibm.com/ibm/history/ibm100/us/en/icons/power4/},
}

@misc{intro_parallel_llnl,
  author = {Blaise Barney},
  note   = {[Online; diakses pada 15 Oktober 2019]},
  title  = {Introduction to Parallel Computing},
  url    = {https://computing.llnl.gov/tutorials/parallel_comp/},
}

@misc{glossary_ufl,
  note  = {[Online; diakses pada 15 Oktober 2019]},
  title = {Glossary: Parallel Computing},
  url   = {https://www.cise.ufl.edu/research/ParallelPatterns/glossary.htm},
}

@misc{glossary_udel,
  author = {Scyld ClusterWare HPC},
  note   = {[Online; diakses pada 15 Oktober 2019]},
  title  = {Glossary of Parallel Computing Terms},
  url    = {https://gcl.cis.udel.edu/penguin/scyld-doc/users-guide/terminology.html},
}

@misc{server_os_marketshare,
  note  = {[Online; diakses pada 6 Oktober 2019]},
  title = {Ubuntu Marketshare and Competitor Report},
  url   = {https://www.datanyze.com/market-share/operating-systems/ubuntu-market-share},
}

@report{rfc3602,
  author      = {S. Frankel, R. Glenn, NIST, and S.Kelly},
  institution = {Internet Requests for Comments},
  month       = {sep},
  title       = {The AES-CBC Cipher Algorithm and Its Use with IPsec},
  type        = {rtf},
  year        = {2003},
}

@book{comp_org_arch,
  author    = {Stallings, William and Zeno, Peter},
  place     = {Hoboken, NJ},
  publisher = {Pearson Education},
  title     = {Computer organization and architecture: designing for performance},
  year      = {2016},
}

@book{comp_arch_patterson,
  author    = {Hennessy, John L. and Patterson, David A.},
  place     = {Cambridge, MA},
  publisher = {Morgan Kaufmann Publishers, an imprint of Elsevier},
  title     = {Computer architecture: a quantitative approach},
  year      = {2019},
}

@book{highly_parallel_computing,
  author    = {Almasi, George S. and Gottlieb, Allan},
  isbn      = {0-8053-0443-6},
  location  = {Redwood City, CA, USA},
  publisher = {Benjamin-Cummings Publishing Co., Inc.},
  title     = {Highly Parallel Computing (2Nd Ed.)},
  year      = {1994},
}

@book{structured_parallel_programming,
  author    = {McCool, Michael and Robinson, Arch D. and Reinders, James},
  place     = {Amsterdam},
  publisher = {Morgan Kaufmann},
  title     = {Structured parallel programming: patterns for efficient computation},
  year      = {2012},
}

@book{applied_crypto,
  author    = {Menezes, A. Jand C., Van Oorschot Paul and Vanstone, Scott A.},
  place     = {Boca Raton},
  publisher = {CRC Press},
  title     = {Handbook of applied cryptography},
  year      = {2001},
}

@book{bignum_math,
  author    = {Denis, Tom St. and Rose, Greg},
  place     = {Rockland, MA},
  publisher = {Syngress},
  title     = {BigNum Math: implementing cryptographic multiple precision arithmetic},
  year      = {2006},
}

@book{intro_parallel,
  author    = {Pacheco, Peter},
  place     = {Burlington, MA},
  publisher = {Morgan Kaufmann},
  title     = {Introduction to Parallel Programming},
  year      = {2011},
}

@book{bulletproof_tls,
  author    = {Ristic, Ivan},
  place     = {London},
  publisher = {Feisty Duck LTD},
  title     = {Bulletproof SSL and TLS},
  year      = {2014},
}

@book{modern_comp_math,
  author    = {Brent, Richard P. and Zimmermann, Paul},
  place     = {Cambridge},
  publisher = {Cambridge Univ. Press},
  title     = {Modern Computer Arithmetic},
  year      = {2011},
}

@book{cs_bible,
  author    = {Knuth, Donald Ervin},
  place     = {Reading, MA},
  publisher = {Addison-Wesley},
  title     = {The Art of Computer Programming},
  volume    = {2},
  year      = {1997},
}

@article{bn_pi,
  author = {Takahashi, Daisuke},
  title  = {Parallel Implementation of Multiple-Precision Arithmetic and 1,649,267,440,000 Decimal Digits of $\pi$ Calculation},
  year   = {2009},
}

@article{rns_survey,
  author       = {Nannarelli, Alberto and Re, Marco},
  journaltitle = {D T U Compute. Technical Report},
  month        = {May},
  title        = {Residue Number Systems: a Survey},
  year         = {2008},
}

@article{accl_ssl_gpu,
  author       = {Keon Jang and Sangjin Han and Seungyeop Han and Sue Moon and KyoungSoo Park},
  doi          = {10.1145/1851275.1851250},
  journaltitle = {ACM SIGCOMM Computer Communication Review},
  number       = {4},
  pages        = {437-438},
  title        = {Accelerating SSL with GPUs},
  volume       = {40},
  year         = {2010},
}

@article{perf_tls,
  author       = {Coarfa, Cristian and Druschel, Peter and Wallach, Dan S.},
  doi          = {10.1145/1124153.1124155},
  journaltitle = {ACM Transactions on Computer Systems},
  number       = {1},
  pages        = {39-69},
  title        = {Performance analysis of TLS Web servers},
  volume       = {24},
  year         = {2006},
}

@article{drucker_gueron_2019,
  author       = {Drucker, Nir and Gueron, Shay},
  doi          = {10.1007/978-3-030-14070-0_1},
  journaltitle = {16th International Conference on Information Technology-New Generations (ITNG 2019) Advances in Intelligent Systems and Computing},
  pages        = {3–8},
  title        = {Fast Modular Squaring with AVX512IFMA},
  year         = {2019},
}

@article{hutter_wenger_2018,
  author       = {Hutter, Michael and Wenger, Erich},
  doi          = {10.1007/s00145-018-9298-8},
  journaltitle = {Journal of Cryptology},
  number       = {4},
  pages        = {1164–1182},
  title        = {Fast Multi-precision Multiplication for Public-Key Cryptography on Embedded Microprocessors},
  volume       = {31},
  year         = {2018},
}

@thesis{gpu_bignum,
  author      = {Niall Emmart},
  institution = {University of Massachusetts Amherst},
  title       = {A Study of High Performance Multiple Precision Arithmetic on Graphics Processing Units},
  type        = {phdthesis},
  year        = {2018},
}

@article{rns_sharoun,
  author       = {Sharoun , Assaid Othman},
  journaltitle = {Poznan University of Technology Academic Journal},
  pages        = {265–267},
  title        = {RESIDUE NUMBER SYSTEM (RNS)},
  year         = {2013},
}

@article{gpu_vs_cpu,
  author       = {Zhang, Hong and Zhang, Da-fang and Bi, Xia-an},
  doi          = {10.7763/ijiet.2012.v2.106},
  journaltitle = {International Journal of Information and Education Technology},
  number       = {2},
  pages        = {185-187},
  title        = {Comparison and Analysis of GPGPU and Parallel Computing on Multi-Core CPU},
  volume       = {2},
  year         = {2012},
}

@article{sslshader,
  author       = {Keon Jang and Sangjin Han and Seungyeop Han and Sue Moon and KyoungSoo Park},
  journaltitle = {NSDI'11 Proceedings of the 8th USENIX conference on Networked systems design and implementation},
  pages        = {1-14},
  title        = {SSLShader: Cheap SSL Acceleration with Commodity Processors},
}

@article{cost_of_s,
  author       = {David Naylor and Alessandro Finamore and Ilias Leontiadis and Yan Grunenberger and Marco Mellia and Maurizio Munafò and Konstantina Papagiannaki and Peter Steenkiste},
  doi          = {10.1145/2674005.2674991},
  journaltitle = {ACM International on Conference on emerging Networking Experiments and Technologies},
  pages        = {133-140},
  title        = {The Cost of the “S” in HTTPS},
  year         = {2014},
}

@article{paralel_rsa_comp,
  author       = {Sapna Saxena and Neha Kishore and Disha Handa and Bhanu Kapoor},
  journaltitle = {International Journal of Scientific and Engineering Research},
  month        = {aug},
  number       = {8},
  pages        = {2100-2103},
  title        = {Comparative Analysis of Sequential and Parallel Implementations of RSA},
  volume       = {4},
  year         = {2013},
}

